% This file was created with JabRef 2.10.
% Encoding: UTF8


@Book{Bell1942,
  Title                    = {Die Kunst des Krieges},
  Author                   = {John Bell and Fred Feuerstein},
  Publisher                = {Weinstein Company},
  Year                     = {1942},

  Address                  = {Berlin},

  Owner                    = {t.kindler_lit},
  Timestamp                = {2014.03.19}
}

@Misc{Neustadt,
  Author                   = {Krankenhaus Dresden Neustadt},
  Title                    = {Aktion "`Rauchfrei"'},
  Owner                    = {t.kindler_lit},
  Timestamp                = {2014.03.19},
  Url                      = {http://health.de/kh/de/dresden}
}

@Article{Stern2004,
  Title                    = {Bilder der Armut},
  Author                   = {Der Stern},
  Journal                  = {Stern},
  Year                     = {2004},
  Number                   = {3},

  Owner                    = {t.kindler_lit},
  Timestamp                = {2014.03.19}
}

@Book{Waller2002,
  Title                    = {Gesundheitswissenschaft. Eine Einf√ºhrung in Grundlagen und Praxis von Public Health},
  Author                   = {Heiko Waller},
  Publisher                = {Verlag W. Kohlhammer},
  Year                     = {2002},

  Address                  = {Stuttgart},
  Edition                  = {3},

  Owner                    = {t.kindler_lit},
  Timestamp                = {2014.03.18}
}

